<?xml version="1.0" encoding="UTF-8"?><collection xmlns="http://www.loc.gov/MARC21/slim"><record><leader>00559nam--2200205-i-4500</leader><controlfield tag="001">000015495</controlfield><controlfield tag="002">20161230</controlfield><controlfield tag="005">20161230201031</controlfield><controlfield tag="008">060222s1000------------r-----000-0-eng-d</controlfield><datafield ind1=" " ind2=" " tag="040"><subfield code="a">IFIN-HH</subfield></datafield><datafield ind1=" " ind2=" " tag="080"><subfield code="a">533.9</subfield></datafield><datafield ind1="1" ind2=" " tag="100"><subfield code="a">Galeev, A.A</subfield></datafield><datafield ind1="1" ind2="0" tag="245"><subfield code="a">Basic plasma physics ii</subfield><subfield code="c">A.A. GALEEV, N.R. SUDAN (Eds.)</subfield></datafield><datafield ind1=" " ind2=" " tag="260"><subfield code="a">Amsterdam, North-holland Physics Publishing, 1984</subfield></datafield><datafield ind1=" " ind2=" " tag="300"><subfield code="a">2 volume</subfield></datafield><datafield ind1=" " ind2=" " tag="490"><subfield code="a">Handbook Of Plasma Physics</subfield></datafield><datafield ind1=" " ind2=" " tag="700"><subfield code="a">Sudan, R.N</subfield></datafield><datafield ind1=" " ind2=" " tag="787"><subfield code="a">Vol. 2</subfield><subfield code="h">Xiv + 850 P</subfield></datafield><datafield ind1=" " ind2=" " tag="852"><subfield code="a">72653</subfield><subfield code="c">533.9</subfield></datafield><datafield ind1=" " ind2=" " tag="CAT"><subfield code="a">Sys</subfield><subfield code="c">20101001</subfield><subfield code="h">143035</subfield></datafield></record></collection>